% This file was created with JabRef 2.9.2.
% Encoding: UTF8

@MISC{linguagemR,
  title = {R: What is R?},
  year = {2017},
  timestamp = {2017.12.01},
  organization = {The R Foundation},
  url = {https://www.r-project.org/about.html}
}

@MISC{galaxySimulator,
  author = {Berg, Ingo},
  title = {The Barnes-Hut Galaxy Simulator},
  year = {2017},
  timestamp = {2017.12.01},
  url = {http://beltoforion.de/article.php?a=barnes-hut-galaxy-simulator}
}

@MISC{barnesHutImg,
  author = {Ansari, Sameer},
  title = {Barnes-Hut N-body Simulation in HTML/Javascript},
  year = {2016},
  timestamp = {2017.12.01},
  url = {https://github.com/Elucidation/Barnes-Hut-Tree-N-body-Implementation-in-HTML-Js}
}
